@article{zhang20132,
  title={2-D Cartoon Character Detection based on Scalable-Shape Context and Hough Voting.},
  author={Zhang, Tiejun and Han, Qi and Abd El-Latif, Ahmed A and Bai, Xuefeng and Niu, Xiamu},
  journal={Information Technology Journal},
  volume={12},
  number={12},
  year={2013}
}

Lim, Kart-Leong, and Hamed Kiani Galoogahi. "Shape classification using local and global features." Image and Video Technolo
gy (PSIVT), 2010 Fourth Pacific-Rim Symposium on. IEEE, 2010.

bibtex - 

@inproceedings{lim2010shape,
  title={Shape classification using local and global features},
  author={Lim, Kart-Leong and Galoogahi, Hamed Kiani},
  booktitle={Image and Video Technology (PSIVT), 2010 Fourth Pacific-Rim Symposium on},
  pages={115--120},
  year={2010},
  organization={IEEE}
}

@inproceedings{arandjelovic2005automatic,
  title={Automatic face recognition for film character retrieval in feature-length films},
  author={Arandjelovic, Ognjen and Zisserman, Andrew},
  booktitle={Computer Vision and Pattern Recognition, 2005. CVPR 2005. IEEE Computer Society Conference on},
  volume={1},
  pages={860--867},
  year={2005},
  organization={IEEE}
}


@article{everingham2009taking,
  title={Taking the bite out of automated naming of characters in TV video},
  author={Everingham, Mark and Sivic, Josef and Zisserman, Andrew},
  journal={Image and Vision Computing},
  volume={27},
  number={5},
  pages={545--559},
  year={2009},
  publisher={Elsevier}
}

@article{satoh1999name,
  title={Name-it: Naming and detecting faces in news videos},
  author={Satoh, Shin'ichi and Nakamura, Yuichi and Kanade, Takeo},
  journal={IEEE Multimedia},
  volume={6},
  number={1},
  pages={22--35},
  year={1999},
  publisher={IEEE Computer Society}
}

@article{snoek2008concept,
  title={Concept-based video retrieval},
  author={Snoek, Cees GM and Worring, Marcel},
  journal={Foundations and Trends in Information Retrieval},
  volume={2},
  number={4},
  pages={215--322},
  year={2008},
  publisher={Now Publishers Inc.}
}

@incollection{sivic2005person,
  title={Person spotting: video shot retrieval for face sets},
  author={Sivic, Josef and Everingham, Mark and Zisserman, Andrew},
  booktitle={Image and Video Retrieval},
  pages={226--236},
  year={2005},
  publisher={Springer}
}

